





 








 























 @ARTICLE{Baldwin1987,
   author = {{Baldwin}, J.~A. and {Wilson}, A.~S. and {Whittle}, M.},
    title = "{Kinematics and ionization of extended gas in active galaxies. III - The extranuclear properties of NGC 1068}",
  journal = {\apj},
 keywords = {Active Galaxies, Astronomical Spectroscopy, Galactic Nuclei, Gas Dynamics, Gas Ionization, Seyfert Galaxies, Emission Spectra, H Beta Line, Line Shape, Velocity Distribution},
     year = 1987,
    month = aug,
   volume = 319,
    pages = {84-104},
      doi = {10.1086/165435},
   adsurl = {http://adsabs.harvard.edu/abs/1987ApJ...319...84B},
  adsnote = {Provided by the SAO/NASA Astrophysics Data System}
}

 @INPROCEEDINGS{Veilleux1987,
   author = {{Veilleux}, S. and {Osterbrock}, D.~E.},
    title = "{Spectral classification of emission-line galaxies}",
 keywords = {Emission Spectra, Galactic Nuclei, Interstellar Extinction, Line Spectra, Active Galaxies, Astronomical Models, Flux Density, H Ii Regions, Photoionization, Power Spectra, Star Formation},
booktitle = {NASA Conference Publication},
     year = 1987,
   series = {NASA Conference Publication},
   volume = 2466,
   editor = {{Lonsdale Persson}, C.~J.},
    month = may,
    pages = {737-740},
   adsurl = {http://adsabs.harvard.edu/abs/1987NASCP2466..737V},
  adsnote = {Provided by the SAO/NASA Astrophysics Data System}
}

 @ARTICLE{Bicknell1998,
   author = {{Bicknell}, G.~V. and {Dopita}, M.~A. and {Tsvetanov}, Z.~I. and 
	{Sutherland}, R.~S.},
    title = "{Are Seyfert Narrow-Line Regions Powered by Radio Jets?}",
  journal = {\apj},
   eprint = {astro-ph/9709037},
 keywords = {GALAXIES: JETS, GALAXIES: SEYFERT, Galaxies: Jets, Galaxies: Seyfert},
     year = 1998,
    month = mar,
   volume = 495,
    pages = {680-690},
      doi = {10.1086/305336},
   adsurl = {http://adsabs.harvard.edu/abs/1998ApJ...495..680B},
  adsnote = {Provided by the SAO/NASA Astrophysics Data System}
}

 @ARTICLE{Harrison1986,
   author = {{Harrison}, B. and {Pedlar}, A. and {Unger}, S.~W. and {Burgess}, P. and 
	{Graham}, D.~A. and {Preuss}, E.},
    title = "{The parsec-scale structure of the radio nucleus of NGC 4151}",
  journal = {\mnras},
 keywords = {Extragalactic Radio Sources, Galactic Nuclei, Galactic Structure, Seyfert Galaxies, Very Long Base Interferometry, Angular Resolution, Centimeter Waves, Collimation, Radiant Flux Density, Radio Jets (Astronomy), Ultraviolet Spectra, Visible Spectrum},
     year = 1986,
    month = feb,
   volume = 218,
    pages = {775-784},
   adsurl = {http://adsabs.harvard.edu/abs/1986MNRAS.218..775H},
  adsnote = {Provided by the SAO/NASA Astrophysics Data System}
}


@ARTICLE{Veron2006,
   author = {{V{\'e}ron-Cetty}, M.-P. and {V{\'e}ron}, P.},
    title = "{A catalogue of quasars and active nuclei: 12th edition}",
  journal = {\aap},
 keywords = {galaxies: quasars: general, galaxies: Seyfert, galaxies: BL Lacertae objects: general},
     year = 2006,
    month = aug,
   volume = 455,
    pages = {773-777},
      doi = {10.1051/0004-6361:20065177},
   adsurl = {http://adsabs.harvard.edu/abs/2006A%26A...455..773V},
  adsnote = {Provided by the SAO/NASA Astrophysics Data System}
}

@ARTICLE{Morganti2007,
   author = {{Morganti}, R. and {Holt}, J. and {Saripalli}, L. and {Oosterloo}, T.~A. and 
	{Tadhunter}, C.~N.},
    title = "{IC 5063: AGN driven outflow of warm and cold gas}",
  journal = {\aap},
archivePrefix = "arXiv",
   eprint = {0710.1189},
 keywords = {galaxies: Seyfert, galaxies: active, ISM: jets and outflows},
     year = 2007,
    month = dec,
   volume = 476,
    pages = {735-743},
      doi = {10.1051/0004-6361:20077888},
   adsurl = {http://adsabs.harvard.edu/abs/2007A%26A...476..735M},
  adsnote = {Provided by the SAO/NASA Astrophysics Data System}
}

@ARTICLE{Tadhunter2014,
   author = {{Tadhunter}, C. and {Morganti}, R. and {Rose}, M. and {Oonk}, J.~B.~R. and 
	{Oosterloo}, T.},
    title = "{Jet acceleration of the fast molecular outflows in the Seyfert galaxy IC 5063}",
  journal = {\nat},
archivePrefix = "arXiv",
   eprint = {1407.1332},
     year = 2014,
    month = jul,
   volume = 511,
    pages = {440-443},
      doi = {10.1038/nature13520},
   adsurl = {http://adsabs.harvard.edu/abs/2014Natur.511..440T},
  adsnote = {Provided by the SAO/NASA Astrophysics Data System}
}

@ARTICLE{Colina1991,
   author = {{Colina}, L. and {Sparks}, W.~B. and {Macchetto}, F.},
    title = "{IC 5063 - A merger remnant with a hidden luminous active nucleus}",
  journal = {\apj},
 keywords = {Active Galactic Nuclei, Astronomical Spectroscopy, Charge Coupled Devices, Emission Spectra, Infrared Imagery, Ionized Gases, Luminosity, Spatial Resolution},
     year = 1991,
    month = mar,
   volume = 370,
    pages = {102-117},
      doi = {10.1086/169795},
   adsurl = {http://adsabs.harvard.edu/abs/1991ApJ...370..102C},
  adsnote = {Provided by the SAO/NASA Astrophysics Data System}
}

@ARTICLE{Schmitt1994,
   author = {{Schmitt}, H.~R. and {Storchi-Bergmann}, T. and {Baldwin}, J.~A.
	},
    title = "{Anisotropic high-excitation emission and chemical abundances in the Seyfert 2 galaxy NGC 5643}",
  journal = {\apj},
 keywords = {Abundance, Anisotropy, Emission Spectra, Galactic Structure, Seyfert Galaxies, Gas Ionization, Photoionization, Red Shift, Star Distribution},
     year = 1994,
    month = mar,
   volume = 423,
    pages = {237-247},
      doi = {10.1086/173802},
   adsurl = {http://adsabs.harvard.edu/abs/1994ApJ...423..237S},
  adsnote = {Provided by the SAO/NASA Astrophysics Data System}
}

@ARTICLE{Simpson1997,
   author = {{Simpson}, C. and {Wilson}, A.~S. and {Bower}, G. and {Heckman}, T.~M. and 
	{Krolik}, J.~H. and {Miley}, G.~K.},
    title = "{A One-sided Ionization Cone in the Seyfert 2 Galaxy NGC 5643}",
  journal = {\apj},
 keywords = {Galaxies: Active, Galaxies: Individual: NGC Number: NGC 5643, Galaxies: Jets, Galaxies: Nuclei, Galaxies: Seyfert, Radio Continuum: Galaxies},
     year = 1997,
    month = jan,
   volume = 474,
    pages = {121-128},
   adsurl = {http://adsabs.harvard.edu/abs/1997ApJ...474..121S},
  adsnote = {Provided by the SAO/NASA Astrophysics Data System}
}

@thesis{Bisigello2012,
  author = {{Bisigello}, L.},
   title = "{Proprietà Fisiche e Cinematiche della Narrow Line Region in NGC7212}",
    type = {Msc thesis},
institution = {Università di Padova, Dipartimento di Fisica e Astronomia Galileo Galilei},
    date = 2012,
}

 @ARTICLE{Cracco2011,
   author = {{Cracco}, V. and {Ciroi}, S. and {di Mille}, F. and {Vaona}, L. and 
	{Frassati}, A. and {Smirnova}, A.~A. and {La Mura}, G. and {Moiseev}, A.~V. and 
	{Rafanelli}, P.},
    title = "{The origin of gas in extended narrow-line regions of nearby Seyfert galaxies - I. NGC 7212}",
  journal = {\mnras},
archivePrefix = "arXiv",
   eprint = {1109.1195},
 keywords = {line: profiles, techniques: spectroscopic, galaxies: individual: NGC 7212, galaxies: Seyfert},
     year = 2011,
    month = dec,
   volume = 418,
    pages = {2630-2641},
      doi = {10.1111/j.1365-2966.2011.19654.x},
   adsurl = {http://adsabs.harvard.edu/abs/2011MNRAS.418.2630C},
  adsnote = {Provided by the SAO/NASA Astrophysics Data System}
}

 @ARTICLE{Ozaki2009,
   author = {{Ozaki}, S.},
    title = "{Kinematic and Excitation Structure of the NGC 1068 Narrow-Line Region}",
  journal = {\pasj},
archivePrefix = "arXiv",
   eprint = {0901.1704},
 keywords = {galaxies: individual (NGC 1068), galaxies: kinematics and dynamics, galaxies: Seyfert},
     year = 2009,
    month = feb,
   volume = 61,
    pages = {259-},
      doi = {10.1093/pasj/61.2.259},
   adsurl = {http://adsabs.harvard.edu/abs/2009PASJ...61..259O},
  adsnote = {Provided by the SAO/NASA Astrophysics Data System}
}

 @ARTICLE{Inglis1993,
   author = {{Inglis}, M.~D. and {Brindle}, C. and {Hough}, J.~H. and {Young}, S. and 
	{Axon}, D.~J. and {Bailey}, J.~A. and {Ward}, M.~J.},
    title = "{Evidence for an Obscured Broadline Region in the Early Type Radio Galaxy IC5063}",
  journal = {\mnras},
     year = 1993,
    month = aug,
   volume = 263,
    pages = {895},
   adsurl = {http://adsabs.harvard.edu/abs/1993MNRAS.263..895I},
  adsnote = {Provided by the SAO/NASA Astrophysics Data System}
}

 @ARTICLE{Hough1987,
   author = {{Hough}, J.~H. and {Brindle}, C. and {Axon}, D.~J. and {Bailey}, J. and 
	{Sparks}, W.~B.},
    title = "{Infrared and optical polarimetry of the radio elliptical IC 5063 (PKS2048-57) - Discovery of a highly polarized non-thermal nucleus}",
  journal = {\mnras},
 keywords = {Elliptical Galaxies, Galactic Nuclei, Infrared Spectra, Optical Polarization, Polarimetry, Radio Galaxies, Astronomical Photometry, Blazars, Flux (Rate), Near Infrared Radiation},
     year = 1987,
    month = feb,
   volume = 224,
    pages = {1013-1018},
   adsurl = {http://adsabs.harvard.edu/abs/1987MNRAS.224.1013H},
  adsnote = {Provided by the SAO/NASA Astrophysics Data System}
}

 @ARTICLE{Morris1985,
   author = {{Morris}, S. and {Ward}, M. and {Whittle}, M. and {Wilson}, A.~S. and 
	{Taylor}, K.},
    title = "{The velocity fields and radio structures of the active galaxies NGC 5643 and NGC 7582}",
  journal = {\mnras},
 keywords = {Active Galaxies, Barred Galaxies, Galactic Rotation, Radio Astronomy, Seyfert Galaxies, Astronomical Maps, H Alpha Line, H Ii Regions, Oxygen Spectra, Velocity Distribution},
     year = 1985,
    month = sep,
   volume = 216,
    pages = {193-217},
   adsurl = {http://adsabs.harvard.edu/abs/1985MNRAS.216..193M},
  adsnote = {Provided by the SAO/NASA Astrophysics Data System}
}

@ARTICLE{Wasilewski1981,
   author = {{Wasilewski}, A.~J.},
    title = "{A new Seyfert galaxy with asymmetric forbidden-line profiles in an interacting system}",
  journal = {\pasp},
 keywords = {Emission Spectra, Forbidden Bands, Interacting Galaxies, Line Spectra, Seyfert Galaxies, Spectral Energy Distribution, Astronomical Spectroscopy, Asymmetry, Galactic Nuclei, H Beta Line, Oxygen, Periodic Variations, Radial Velocity, Tides},
     year = 1981,
    month = oct,
   volume = 93,
    pages = {560-563},
      doi = {10.1086/130887},
   adsurl = {http://adsabs.harvard.edu/abs/1981PASP...93..560W},
  adsnote = {Provided by the SAO/NASA Astrophysics Data System}
}

@ARTICLE{Falcke1998,
   author = {{Falcke}, H. and {Wilson}, A.~S. and {Simpson}, C.},
    title = "{Hubble Space Telescope and VLA Observations of Seyfert 2 Galaxies: The Relationship between Radio Ejecta and the Narrow-Line Region}",
  journal = {\apj},
   eprint = {astro-ph/9801086},
 keywords = {GALAXIES: SEYFERT, GALAXIES: STRUCTURE, RADIO CONTINUUM: GALAXIES, Galaxies: Seyfert, Galaxies: Structure, Radio Continuum: Galaxies},
     year = 1998,
    month = jul,
   volume = 502,
    pages = {199-217},
      doi = {10.1086/305886},
   adsurl = {http://adsabs.harvard.edu/abs/1998ApJ...502..199F},
  adsnote = {Provided by the SAO/NASA Astrophysics Data System}
}

@ARTICLE{Tran1995,
   author = {{Tran}, H.~D.},
    title = "{The Nature of Seyfert 2 Galaxies with Obscured Broad-Line Regions. II. Individual Objects}",
  journal = {\apj},
 keywords = {GALAXIES: NUCLEI, GALAXIES: SEYFERT, POLARIZATION},
     year = 1995,
    month = feb,
   volume = 440,
    pages = {578},
      doi = {10.1086/175297},
   adsurl = {http://adsabs.harvard.edu/abs/1995ApJ...440..578T},
  adsnote = {Provided by the SAO/NASA Astrophysics Data System}
}


 @ARTICLE{Cracco2011b,
   author = {{Cracco}, V.},
    title = "{Gas Origin in the Extended Narrow Line Region of Nearby Seyfert Galaxies}",
  journal = {\pasp},
 keywords = {Dissertation Summary},
     year = 2011,
    month = sep,
   volume = 123,
    pages = {1133-1134},
      doi = {10.1086/661951},
   adsurl = {http://adsabs.harvard.edu/abs/2011PASP..123.1133C},
  adsnote = {Provided by the SAO/NASA Astrophysics Data System}
}

 @ARTICLE{Morse1998,
   author = {{Morse}, J.~A. and {Cecil}, G. and {Wilson}, A.~S. and {Tsvetanov}, Z.~I.
	},
    title = "{Inclined Gas Disks in the Lenticular Seyfert Galaxy NGC 5252}",
  journal = {\apj},
 keywords = {GALAXIES: ELLIPTICAL AND LENTICULAR, CD, GALAXIES: KINEMATICS AND DYNAMICS, GALAXIES: SEYFERT, GALAXIES: STRUCTURE, Galaxies: Elliptical and Lenticular, cD, Galaxies: Kinematics and Dynamics, Galaxies: Seyfert, Galaxies: Structure},
     year = 1998,
    month = sep,
   volume = 505,
    pages = {159-173},
      doi = {10.1086/306149},
   adsurl = {http://adsabs.harvard.edu/abs/1998ApJ...505..159M},
  adsnote = {Provided by the SAO/NASA Astrophysics Data System}
}



 @ARTICLE{Ciroi2003,
   author = {{Ciroi}, S. and {Contini}, M. and {Rafanelli}, P. and {Richter}, G.~M.
	},
    title = "{2-D spectroscopy and modeling of the biconical ionized gas   in NGC 4388}",
  journal = {\aap},
   eprint = {astro-ph/0301110},
 keywords = {techniques: spectroscopic, galaxies: nuclei, galaxies: Seyfert, shock waves, galaxies: individual: NGC 4388},
     year = 2003,
    month = mar,
   volume = 400,
    pages = {859-870},
      doi = {10.1051/0004-6361:20030008},
   adsurl = {http://adsabs.harvard.edu/abs/2003A%26A...400..859C},
  adsnote = {Provided by the SAO/NASA Astrophysics Data System}
}

 @ARTICLE{Ciroi2005,
   author = {{Ciroi}, S. and {Afanasiev}, V.~L. and {Moiseev}, A.~V. and 
	{Botte}, V. and {Di Mille}, F. and {Dodonov}, S.~N. and {Rafanelli}, P. and 
	{Smirnova}, A.~A.},
    title = "{New photometric and spectroscopic observations of the Seyfert galaxy Mrk 315}",
  journal = {\mnras},
   eprint = {astro-ph/0503468},
 keywords = {galaxies: individual: Mrk 315, galaxies: interactions, galaxies: Seyfert},
     year = 2005,
    month = jun,
   volume = 360,
    pages = {253-271},
      doi = {10.1111/j.1365-2966.2005.09031.x},
   adsurl = {http://adsabs.harvard.edu/abs/2005MNRAS.360..253C},
  adsnote = {Provided by the SAO/NASA Astrophysics Data System}
}

 @ARTICLE{Fu2007,
   author = {{Fu}, H. and {Stockton}, A.},
    title = "{Integral Field Spectroscopy of the Extended Emission-Line Region of 4C 37.43}",
  journal = {\apj},
archivePrefix = "arXiv",
   eprint = {0705.4365},
 keywords = {Galaxies: Abundances, Galaxies: Evolution, Galaxies: ISM, Galaxies: Quasars: Emission Lines, Galaxies: Quasars: Individual: Alphanumeric: 4C 37.43},
     year = 2007,
    month = sep,
   volume = 666,
    pages = {794-805},
      doi = {10.1086/520530},
   adsurl = {http://adsabs.harvard.edu/abs/2007ApJ...666..794F},
  adsnote = {Provided by the SAO/NASA Astrophysics Data System}
}

 @ARTICLE{Tadhunter1989,
   author = {{Tadhunter}, C. and {Tsvetanov}, Z.},
    title = "{Anisotropic ionizing radiation in NGC5252}",
  journal = {\nat},
 keywords = {Active Galactic Nuclei, Ionization, Quasars, Seyfert Galaxies, Astronomical Photometry, Astronomical Spectroscopy, Emission Spectra, Line Of Sight, Radiation Distribution, Radio Emission},
     year = 1989,
    month = oct,
   volume = 341,
    pages = {422-424},
      doi = {10.1038/341422a0},
   adsurl = {http://adsabs.harvard.edu/abs/1989Natur.341..422T},
  adsnote = {Provided by the SAO/NASA Astrophysics Data System}
}

 @ARTICLE{Komossa1997,
   author = {{Komossa}, S. and {Schulz}, H.},
    title = "{Interpretation of the emission line spectra of Seyfert 2 galaxies by multi-component photoionization models.}",
  journal = {\aap},
   eprint = {astro-ph/9701001},
 keywords = {GALAXIES: ACTIVE, GALAXIES: SEYFERT, GALAXIES: NUCLEI, ULTRAVIOLET: GALAXIES},
     year = 1997,
    month = jul,
   volume = 323,
    pages = {31-46},
   adsurl = {http://adsabs.harvard.edu/abs/1997A%26A...323...31K},
  adsnote = {Provided by the SAO/NASA Astrophysics Data System}
}

 @ARTICLE{Storchi1989,
   author = {{Storchi Bergmann}, T. and {Pastoriza}, M.~G.},
    title = "{On the metal abundance of low-activity galactic nuclei}",
  journal = {\apj},
 keywords = {Abundance, Galactic Nuclei, Metallicity, Stellar Composition, Absorption Spectra, Line Spectra, Photoionization, Seyfert Galaxies, Stellar Spectra},
     year = 1989,
    month = dec,
   volume = 347,
    pages = {195-200},
      doi = {10.1086/168109},
   adsurl = {http://adsabs.harvard.edu/abs/1989ApJ...347..195S},
  adsnote = {Provided by the SAO/NASA Astrophysics Data System}
}

 @ARTICLE{Storchi1990,
   author = {{Storchi-Bergmann}, T. and {Pastoriza}, M.~G.},
    title = "{On the sulfur and nitrogen abundances in the nucleus of Seyfert 2 and LINER galaxies}",
  journal = {\pasp},
 keywords = {Abundance, Galactic Nuclei, Nitrogen, Seyfert Galaxies, Sulfur, Astronomical Models, Emission Spectra, H Alpha Line, Metallicity, Photoionization},
     year = 1990,
    month = dec,
   volume = 102,
    pages = {1359-1365},
      doi = {10.1086/132775},
   adsurl = {http://adsabs.harvard.edu/abs/1990PASP..102.1359S},
  adsnote = {Provided by the SAO/NASA Astrophysics Data System}
}

 @ARTICLE{Veilleux1999,
   author = {{Veilleux}, S. and {Bland-Hawthorn}, J. and {Cecil}, G.},
    title = "{A Kinematic Link Between Boxy Bulges, Stellar Bars, and Nuclear Activity in NGC 3079 and NGC 4388}",
  journal = {\aj},
   eprint = {astro-ph/9907444},
 keywords = {GALAXIES: ACTIVE, GALAXIES: EVOLUTION, GALAXIES: INDIVIDUAL (NGC 3079, NGC 4388), GALAXIES: KINEMATICS AND DYNAMICS, GALAXIES: SPIRAL, GALAXIES: STRUCTURE},
     year = 1999,
    month = nov,
   volume = 118,
    pages = {2108-2122},
      doi = {10.1086/301095},
   adsurl = {http://adsabs.harvard.edu/abs/1999AJ....118.2108V},
  adsnote = {Provided by the SAO/NASA Astrophysics Data System}
}

 @ARTICLE{Smirnova2007,
   author = {{Smirnova}, A.~A. and {Gavrilovi{\'c}}, N. and {Moiseev}, A.~V. and 
	{Popovi{\'c}}, L.~{\v C}. and {Afanasiev}, V.~L. and {Jovanovi{\'c}}, P. and 
	{Da{\v c}i{\'c}}, M.},
    title = "{The gas kinematics in the Mrk 533 nucleus and circumnuclear region: a gaseous outflow}",
  journal = {\mnras},
   eprint = {astro-ph/0702679},
 keywords = {galaxies: individual: Mrk 533 , galaxies: jets , galaxies: kinematics and dynamics , galaxies: Seyfert},
     year = 2007,
    month = may,
   volume = 377,
    pages = {480-490},
      doi = {10.1111/j.1365-2966.2007.11635.x},
   adsurl = {http://adsabs.harvard.edu/abs/2007MNRAS.377..480S},
  adsnote = {Provided by the SAO/NASA Astrophysics Data System}
}

@ARTICLE{Bochanski2009,
   author = {{Bochanski}, J.~J. and {Hennawi}, J.~F. and {Simcoe}, R.~A. and 
	{Prochaska}, J.~X. and {West}, A.~A. and {Burgasser}, A.~J. and 
	{Burles}, S.~M. and {Bernstein}, R.~A. and {Williams}, C.~L. and 
	{Murphy}, M.~T.},
    title = "{MASE: A New Data-Reduction Pipeline for the Magellan Echellette Spectrograph}",
  journal = {\pasp},
archivePrefix = "arXiv",
   eprint = {0910.1834},
 primaryClass = "astro-ph.IM",
 keywords = {Data Analysis and Techniques},
     year = 2009,
    month = dec,
   volume = 121,
    pages = {1409-1418},
      doi = {10.1086/648597},
   adsurl = {http://adsabs.harvard.edu/abs/2009PASP..121.1409B},
  adsnote = {Provided by the SAO/NASA Astrophysics Data System}
}

@phdthesis{DiMille2007,
	author		= {{Di Mille}, F.},
	title		= "{Spectrophotometric Study of the Central Regions inSeyfert Galaxies with 3D Spectroscopy}",
	school		= "{Univ. Padova}",
	year		= "2007",
}

@online{ESO,
title        = "{ESO standard stars catalogue}",
year         = {2015},
url          = {http://www.eso.org/sci/observing/tools/standards/spectra/hr5501.html},
}

 @ARTICLE{Fernandes2005,
   author = {{Cid Fernandes}, R. and {Mateus}, A. and {Sodr{\'e}}, L. and 
	{Stasi{\'n}ska}, G. and {Gomes}, J.~M.},
    title = "{Semi-empirical analysis of Sloan Digital Sky Survey galaxies - I. Spectral synthesis method}",
  journal = {\mnras},
   eprint = {astro-ph/0412481},
 keywords = {galaxies: evolution, galaxies: fundamental parameters, galaxies: statistics, galaxies: stellar content},
     year = 2005,
    month = apr,
   volume = 358,
    pages = {363-378},
      doi = {10.1111/j.1365-2966.2005.08752.x},
   adsurl = {http://adsabs.harvard.edu/abs/2005MNRAS.358..363C},
  adsnote = {Provided by the SAO/NASA Astrophysics Data System}
}

 @ARTICLE{Mateus2006,
   author = {{Mateus}, A. and {Sodr{\'e}}, L. and {Cid Fernandes}, R. and 
	{Stasi{\'n}ska}, G. and {Schoenell}, W. and {Gomes}, J.~M.},
    title = "{Semi-empirical analysis of Sloan Digital Sky Survey galaxies - II. The bimodality of the galaxy population revisited}",
  journal = {\mnras},
   eprint = {astro-ph/0511578},
 keywords = {stars: formation: galaxies: evolution: galaxies: formation: galaxies: fundamental parameters: galaxies: stellar content, stars: formation, galaxies: evolution, galaxies: formation, galaxies: fundamental parameters, galaxies: stellar content},
     year = 2006,
    month = aug,
   volume = 370,
    pages = {721-737},
      doi = {10.1111/j.1365-2966.2006.10565.x},
   adsurl = {http://adsabs.harvard.edu/abs/2006MNRAS.370..721M},
  adsnote = {Provided by the SAO/NASA Astrophysics Data System}
}

 @ARTICLE{Schirmer2013,
   author = {{Schirmer}, M. and {Diaz}, R. and {Holhjem}, K. and {Levenson}, N.~A. and 
	{Winge}, C.},
    title = "{A Sample of Seyfert-2 Galaxies with Ultraluminous Galaxy-wide Narrow-line Regions: Quasar Light Echoes?}",
  journal = {\apj},
archivePrefix = "arXiv",
   eprint = {1211.7098},
 primaryClass = "astro-ph.CO",
 keywords = {galaxies: active, galaxies: evolution, galaxies: Seyfert},
     year = 2013,
    month = jan,
   volume = 763,
      eid = {60},
    pages = {60},
      doi = {10.1088/0004-637X/763/1/60},
   adsurl = {http://adsabs.harvard.edu/abs/2013ApJ...763...60S},
  adsnote = {Provided by the SAO/NASA Astrophysics Data System}
}

@ARTICLE{Schlegel1998,
   author = {{Schlegel}, D.~J. and {Finkbeiner}, D.~P. and {Davis}, M.},
    title = "{Maps of Dust Infrared Emission for Use in Estimation of Reddening and Cosmic Microwave Background Radiation Foregrounds}",
  journal = {\apj},
   eprint = {astro-ph/9710327},
 keywords = {COSMOLOGY: DIFFUSE RADIATION, COSMOLOGY: COSMIC MICROWAVE BACKGROUND, ISM: DUST, EXTINCTION, INTERPLANETARY MEDIUM, INFRARED: ISM: CONTINUUM, Cosmology: Cosmic Microwave Background, Cosmology: Diffuse Radiation, ISM: Dust, Extinction, Infrared: ISM: Continuum, Interplanetary Medium},
     year = 1998,
    month = jun,
   volume = 500,
    pages = {525-553},
      doi = {10.1086/305772},
   adsurl = {http://adsabs.harvard.edu/abs/1998ApJ...500..525S},
  adsnote = {Provided by the SAO/NASA Astrophysics Data System}
}


@ARTICLE{Schlafly2011,
   author = {{Schlafly}, E.~F. and {Finkbeiner}, D.~P.},
    title = "{Measuring Reddening with Sloan Digital Sky Survey Stellar Spectra and Recalibrating SFD}",
  journal = {\apj},
archivePrefix = "arXiv",
   eprint = {1012.4804},
 primaryClass = "astro-ph.GA",
 keywords = {dust, extinction, Galaxy: stellar content, ISM: clouds},
     year = 2011,
    month = aug,
   volume = 737,
      eid = {103},
    pages = {103},
      doi = {10.1088/0004-637X/737/2/103},
   adsurl = {http://adsabs.harvard.edu/abs/2011ApJ...737..103S},
  adsnote = {Provided by the SAO/NASA Astrophysics Data System}
}

@ARTICLE{Cardelli1989,
   author = {{Cardelli}, J.~A. and {Clayton}, G.~C. and {Mathis}, J.~S.},
    title = "{The relationship between infrared, optical, and ultraviolet extinction}",
  journal = {\apj},
 keywords = {Infrared Spectra, Interstellar Extinction, Ultraviolet Spectra, Visible Spectrum, Computational Astrophysics, Interstellar Matter, Iue},
     year = 1989,
    month = oct,
   volume = 345,
    pages = {245-256},
      doi = {10.1086/167900},
   adsurl = {http://adsabs.harvard.edu/abs/1989ApJ...345..245C},
  adsnote = {Provided by the SAO/NASA Astrophysics Data System}
}


@book{OsterbrockAGN,
  title={Astrophysics of Gaseous Nebulae and Active Galactic Nuclei},
  author={Osterbrock, D.E. and Ferland, G.J.},
  isbn={9781891389344},
  lccn={2005042206},
  url={https://books.google.it/books?id=HgfrkDjBD98C},
  year={2006},
  publisher={University Science Books}
}

@ARTICLE{Shaw1995,
   author = {{Shaw}, R.~A. and {Dufour}, R.~J.},
    title = "{Software for the Analysis of Emission Line Nebulae}",
  journal = {\pasp},
 keywords = {METHODS: ANALYTICAL},
     year = 1995,
    month = sep,
   volume = 107,
    pages = {896},
      doi = {10.1086/133637},
   adsurl = {http://adsabs.harvard.edu/abs/1995PASP..107..896S},
  adsnote = {Provided by the SAO/NASA Astrophysics Data System}
}

@ARTICLE{Derobertis1987,
   author = {{De Robertis}, M.~M. and {Dufour}, R.~J. and {Hunt}, R.~W.},
    title = "{A five-level program for ions of astrophysical interest}",
  journal = {\jrasc},
 keywords = {Computational Astrophysics, Computer Programs, Emission Spectra, H Beta Line, Ion Production Rates, Nebulae, Abundance, Fortran, Gas Ionization, Ionic Collisions, Photoionization},
     year = 1987,
    month = dec,
   volume = 81,
    pages = {195-220},
   adsurl = {http://adsabs.harvard.edu/abs/1987JRASC..81..195D},
  adsnote = {Provided by the SAO/NASA Astrophysics Data System}
}

@phdthesis{Vaona,
	author		= {{Vaona}, L.},
	title		= "{Spectral Properties and Photoionization Models of the NLR in Seyfert Galaxies}",
	school		= "{Università di Padova, Dipartimento di Fisica e Astronomia Galileo Galilei}",
	year		= "2010",
}

@Misc{NIST,
author = {A.~Kramida and {Yu.~Ralchenko} and 
J.~Reader and {and NIST ASD Team}},
HOWPUBLISHED = {{NIST Atomic Spectra Database 
(ver. 5.2), [Online]. Available:
{\tt{http://physics.nist.gov/asd}} [2015, September 12]. 
National Institute of Standards and Technology, 
Gaithersburg, MD.}},
year = {2014},
}

@ARTICLE{Heckman1980,
   author = {{Heckman}, T.~M.},
    title = "{An optical and radio survey of the nuclei of bright galaxies - Activity in normal galactic nuclei}",
  journal = {\aap},
 keywords = {Astronomical Spectroscopy, Galactic Nuclei, Optical Measurement, Radio Astronomy, Radio Galaxies, Emission Spectra, H Ii Regions, Luminous Intensity, Nonthermal Radiation, Seyfert Galaxies, Shock Wave Propagation, Spectral Line Width, Spectrophotometry},
     year = 1980,
    month = jul,
   volume = 87,
    pages = {152-164},
   adsurl = {http://adsabs.harvard.edu/abs/1980A%26A....87..152H},
  adsnote = {Provided by the SAO/NASA Astrophysics Data System}
}

@ARTICLE{Ho1997,
   author = {{Ho}, L.~C. and {Filippenko}, A.~V. and {Sargent}, W.~L.~W.},
    title = "{A Search for ``Dwarf'' Seyfert Nuclei. V. Demographics of Nuclear Activity in Nearby Galaxies}",
  journal = {\apj},
   eprint = {astro-ph/9704108},
 keywords = {Galaxies: Active, Galaxies: Nuclei, Galaxies: Seyfert, Galaxies: Starburst, Surveys},
     year = 1997,
    month = oct,
   volume = 487,
    pages = {568-578},
   adsurl = {http://adsabs.harvard.edu/abs/1997ApJ...487..568H},
  adsnote = {Provided by the SAO/NASA Astrophysics Data System}
}

@ARTICLE{Wilson1988,
   author = {{Wilson}, A.~S.},
    title = "{Star formation and nuclear activity in Seyfert galaxies}",
  journal = {\aap},
 keywords = {Active Galactic Nuclei, Seyfert Galaxies, Star Formation, Extragalactic Radio Sources, HII Regions, Infrared Sources (Astronomy), Star Formation Rate, Supernova Remnants},
     year = 1988,
    month = nov,
   volume = 206,
    pages = {41-16},
   adsurl = {http://adsabs.harvard.edu/abs/1988A%26A...206...41W},
  adsnote = {Provided by the SAO/NASA Astrophysics Data System}
}

@ARTICLE{Kellermann1989,
   author = {{Kellermann}, K.~I. and {Sramek}, R. and {Schmidt}, M. and {Shaffer}, D. ~B. and {Green}, R.},
    title = "{VLA observations of objects in the Palomar Bright Quasar Survey}",
  journal = {\aj},
 keywords = {Astronomical Catalogs, Quasars, Radio Sources (Astronomy), Very Large Array (Vla), Centimeter Waves, Data Sampling, Luminosity, Radiant Flux Density},
     year = 1989,
    month = oct,
   volume = 98,
    pages = {1195-1207},
   adsurl = {http://adsabs.harvard.edu/abs/1989AJ.....98.1195K},
  adsnote = {Provided by the SAO/NASA Astrophysics Data System}
}

@ARTICLE{Munoz2007,
   author = {{Mu{\~n}oz Mar{\'{\i}}n}, V.~M. and {Gonz{\'a}lez Delgado}, R.~M. and 
	{Schmitt}, H.~R. and {Cid Fernandes}, R. and {P{\'e}rez}, E. and 
	{Storchi-Bergmann}, T. and {Heckman}, T. and {Leitherer}, C.
	},
    title = "{An Atlas of the Circumnuclear Regions of 75 Seyfert Galaxies in the Near-Ultraviolet with the Hubble Space Telescope Advanced Camera for Surveys}",
  journal = {\aj},
archivePrefix = "arXiv",
   eprint = {0704.3617},
 keywords = {atlases, galaxies: nuclei, galaxies: Seyfert, galaxies: starburst, galaxies: star clusters},
     year = 2007,
    month = aug,
   volume = 134,
    pages = {648-667},
      doi = {10.1086/519448},
   adsurl = {http://adsabs.harvard.edu/abs/2007AJ....134..648M},
  adsnote = {Provided by the SAO/NASA Astrophysics Data System}
}

@ARTICLE{Fernandes2007,
   author = {{Cid Fernandes}, R. and {Asari}, N.~V. and {Sodr{\'e}}, L. and 
	{Stasi{\'n}ska}, G. and {Mateus}, A. and {Torres-Papaqui}, J.~P. and 
	{Schoenell}, W.},
    title = "{Uncovering the chemical enrichment and mass-assembly histories of star-forming galaxies}",
  journal = {\mnras},
   eprint = {astro-ph/0610815},
 keywords = {galaxies: evolution, galaxies: statistics, galaxies: stellar content},
     year = 2007,
    month = feb,
   volume = 375,
    pages = {L16-L20},
      doi = {10.1111/j.1745-3933.2006.00265.x},
   adsurl = {http://adsabs.harvard.edu/abs/2007MNRAS.375L..16C},
  adsnote = {Provided by the SAO/NASA Astrophysics Data System}
}

@ARTICLE{Ferland2013,
   author = {{Ferland}, G.~J. and {Porter}, R.~L. and {van Hoof}, P.~A.~M. and 
	{Williams}, R.~J.~R. and {Abel}, N.~P. and {Lykins}, M.~L. and 
	{Shaw}, G. and {Henney}, W.~J. and {Stancil}, P.~C.},
    title = "{The 2013 Release of Cloudy}",
  journal = {\rmxaa},
archivePrefix = "arXiv",
   eprint = {1302.4485},
 primaryClass = "astro-ph.GA",
 keywords = {atomic processes, galaxies: active, methods: numerical, molecular processes, radiation mechanisms: general},
     year = 2013,
    month = apr,
   volume = 49,
    pages = {137-163},
   adsurl = {http://adsabs.harvard.edu/abs/2013RMxAA..49..137F},
  adsnote = {Provided by the SAO/NASA Astrophysics Data System}
}

@ARTICLE{Netzer2015,
   author = {{Netzer}, H.},
    title = "{Revisiting the Unified Model of Active Galactic Nuclei}",
  journal = {\araa},
archivePrefix = "arXiv",
   eprint = {1505.00811},
     year = 2015,
    month = aug,
   volume = 53,
    pages = {365-408},
      doi = {10.1146/annurev-astro-082214-122302},
   adsurl = {http://adsabs.harvard.edu/abs/2015ARA%26A..53..365N},
  adsnote = {Provided by the SAO/NASA Astrophysics Data System}
}

@ARTICLE{Nagar1999,
   author = {{Nagar}, N.~M. and {Wilson}, A.~S. and {Mulchaey}, J.~S. and 
	{Gallimore}, J.~F.},
    title = "{Radio Structures of Seyfert Galaxies. VIII. A Distance- and Magnitude-Limited Sample of Early-Type Galaxies}",
  journal = {\apjs},
   eprint = {astro-ph/9901236},
 keywords = {GALAXIES: NUCLEI, GALAXIES: SEYFERT, GALAXIES: STRUCTURE, RADIO CONTINUUM: GALAXIES, SURVEYS, Galaxies: Nuclei, Galaxies: Seyfert, Galaxies: Structure, Radio Continuum: Galaxies, Surveys},
     year = 1999,
    month = feb,
   volume = 120,
    pages = {209-245},
      doi = {10.1086/313183},
   adsurl = {http://adsabs.harvard.edu/abs/1999ApJS..120..209N},
  adsnote = {Provided by the SAO/NASA Astrophysics Data System}
}


@ARTICLE{Vaona2012,
   author = {{Vaona}, L. and {Ciroi}, S. and {Di Mille}, F. and {Cracco}, V. and 
	{La Mura}, G. and {Rafanelli}, P.},
    title = "{Spectral properties of the narrow-line region in Seyfert galaxies selected from the SDSS-DR7}",
  journal = {\mnras},
archivePrefix = "arXiv",
   eprint = {1210.5201},
 keywords = {methods: statistical, techniques: spectroscopic, galaxies: Seyfert},
     year = 2012,
    month = dec,
   volume = 427,
    pages = {1266-1283},
      doi = {10.1111/j.1365-2966.2012.22060.x},
   adsurl = {http://adsabs.harvard.edu/abs/2012MNRAS.427.1266V},
  adsnote = {Provided by the SAO/NASA Astrophysics Data System}
}

@ARTICLE{Dietrich1998,
   author = {{Dietrich}, M. and {Wagner}, S.~J.},
    title = "{Kinematics of the narrow-line region of NGC 1068}",
  journal = {\aap},
 keywords = {GALAXIES: ACTIVE, GALAXIES: SEYFERT, QUASARS: EMISSION LINES, GALAXIES: INDIVIDUAL NGC 1068},
     year = 1998,
    month = oct,
   volume = 338,
    pages = {405-412},
   adsurl = {http://adsabs.harvard.edu/abs/1998A%26A...338..405D},
  adsnote = {Provided by the SAO/NASA Astrophysics Data System}
}

@ARTICLE{Morganti2015,
   author = {{Morganti}, R. and {Oosterloo}, T. and {Oonk}, J.~B.~R. and 
	{Frieswijk}, W. and {Tadhunter}, C.},
    title = "{The fast molecular outflow in the Seyfert galaxy IC 5063 as seen by ALMA}",
  journal = {\aap},
archivePrefix = "arXiv",
   eprint = {1505.07190},
 keywords = {galaxies: active, galaxies: individual: IC 5063, ISM: jets and outflows, radio lines: galaxies},
     year = 2015,
    month = aug,
   volume = 580,
      eid = {A1},
    pages = {A1},
      doi = {10.1051/0004-6361/201525860},
   adsurl = {http://adsabs.harvard.edu/abs/2015A%26A...580A...1M},
  adsnote = {Provided by the SAO/NASA Astrophysics Data System}
}


@ARTICLE{Dasyra2015,
   author = {{Dasyra}, K.~M. and {Bostrom}, A.~C. and {Combes}, F. and {Vlahakis}, N.
	},
    title = "{A Radio Jet Drives a Molecular and Atomic Gas Outflow in Multiple Regions within One Square Kiloparsec of the Nucleus of the nearby Galaxy IC5063}",
  journal = {\apj},
archivePrefix = "arXiv",
   eprint = {1503.05484},
 keywords = {galaxies: active, galaxies: ISM, galaxies: jets, galaxies: nuclei, ISM: jets and outflows, ISM: kinematics and dynamics},
     year = 2015,
    month = dec,
   volume = 815,
      eid = {34},
    pages = {34},
      doi = {10.1088/0004-637X/815/1/34},
   adsurl = {http://adsabs.harvard.edu/abs/2015ApJ...815...34D},
  adsnote = {Provided by the SAO/NASA Astrophysics Data System}
}

@ARTICLE{Morganti1998,
   author = {{Morganti}, R. and {Oosterloo}, T. and {Tsvetanov}, Z.},
    title = "{A Radio Study of the Seyfert Galaxy IC 5063: Evidence for Fast Gas Outflow}",
  journal = {\aj},
   eprint = {astro-ph/9711285},
 keywords = {GALAXIES: INDIVIDUAL: IC 5063, GALAXIES: ISM, GALAXIES: NUCLEI, GALAXIES: SEYFERT},
     year = 1998,
    month = mar,
   volume = 115,
    pages = {915-927},
      doi = {10.1086/300236},
   adsurl = {http://adsabs.harvard.edu/abs/1998AJ....115..915M},
  adsnote = {Provided by the SAO/NASA Astrophysics Data System}
}

@ARTICLE{Kraemer2000,
   author = {{Kraemer}, S.~B. and {Crenshaw}, D.~M.},
    title = "{Resolved Spectroscopy of the Narrow-Line Region in NGC 1068. III. Physical Conditions in the Emission-Line Gas}",
  journal = {\apj},
   eprint = {astro-ph/0007018},
 keywords = {galaxies: individual (NGC 1068), Galaxies: Seyfert},
     year = 2000,
    month = dec,
   volume = 544,
    pages = {763-779},
      doi = {10.1086/317246},
   adsurl = {http://adsabs.harvard.edu/abs/2000ApJ...544..763K},
  adsnote = {Provided by the SAO/NASA Astrophysics Data System}
}


@ARTICLE{Das2006,
   author = {{Das}, V. and {Crenshaw}, D.~M. and {Kraemer}, S.~B. and {Deo}, R.~P.
	},
    title = "{Kinematics of the Narrow-Line Region in the Seyfert 2 Galaxy NGC 1068: Dynamical Effects of the Radio Jet}",
  journal = {\aj},
   eprint = {astro-ph/0603803},
 keywords = {galaxies: individual (NGC 1068), Galaxies: Kinematics and Dynamics, Galaxies: Seyfert, Ultraviolet: Galaxies},
     year = 2006,
    month = aug,
   volume = 132,
    pages = {620-632},
      doi = {10.1086/504899},
   adsurl = {http://adsabs.harvard.edu/abs/2006AJ....132..620D},
  adsnote = {Provided by the SAO/NASA Astrophysics Data System}
}

@ARTICLE{Cecil2002,
   author = {{Cecil}, G. and {Dopita}, M.~A. and {Groves}, B. and {Wilson}, A.~S. and 
	{Ferruit}, P. and {P{\'e}contal}, E. and {Binette}, L.},
    title = "{Spatial Resolution of High-Velocity Filaments in the Narrow-Line Region of NGC 1068: Associated Absorbers Caught in Emission?}",
  journal = {\apj},
   eprint = {astro-ph/0112256},
 keywords = {Galaxies: Active, Galaxies: Individual: NGC Number: NGC 1068, Galaxies: Jets, Galaxies: Kinematics and Dynamics, Galaxies: Seyfert},
     year = 2002,
    month = apr,
   volume = 568,
    pages = {627-638},
      doi = {10.1086/338950},
   adsurl = {http://adsabs.harvard.edu/abs/2002ApJ...568..627C},
  adsnote = {Provided by the SAO/NASA Astrophysics Data System}
}

@ARTICLE{Komatsu2011,
   author = {{Komatsu}, E. and {Smith}, K.~M. and {Dunkley}, J. and {Bennett}, C.~L. and 
	{Gold}, B. and {Hinshaw}, G. and {Jarosik}, N. and {Larson}, D. and 
	{Nolta}, M.~R. and {Page}, L. and {Spergel}, D.~N. and {Halpern}, M. and 
	{Hill}, R.~S. and {Kogut}, A. and {Limon}, M. and {Meyer}, S.~S. and 
	{Odegard}, N. and {Tucker}, G.~S. and {Weiland}, J.~L. and {Wollack}, E. and 
	{Wright}, E.~L.},
    title = "{Seven-year Wilkinson Microwave Anisotropy Probe (WMAP) Observations: Cosmological Interpretation}",
  journal = {\apjs},
archivePrefix = "arXiv",
   eprint = {1001.4538},
 primaryClass = "astro-ph.CO",
 keywords = {cosmic background radiation, cosmology: observations, dark matter, early universe, space vehicles},
     year = 2011,
    month = feb,
   volume = 192,
      eid = {18},
    pages = {18},
      doi = {10.1088/0067-0049/192/2/18},
   adsurl = {http://adsabs.harvard.edu/abs/2011ApJS..192...18K},
  adsnote = {Provided by the SAO/NASA Astrophysics Data System}
}

@ARTICLE{Contini2012,
   author = {{Contini}, M. and {Cracco}, V. and {Ciroi}, S. and {La Mura}, G.
	},
    title = "{Distribution of the heavy elements throughout the extended narrow-line region of the Seyfert galaxy NGC 7212}",
  journal = {\aap},
archivePrefix = "arXiv",
   eprint = {1207.1562},
 keywords = {radiation mechanisms: general, shock waves, ISM: abundances, galaxies: Seyfert, galaxies: individual: NGC 7212},
     year = 2012,
    month = sep,
   volume = 545,
      eid = {A72},
    pages = {A72},
      doi = {10.1051/0004-6361/201219184},
   adsurl = {http://adsabs.harvard.edu/abs/2012A%26A...545A..72C},
  adsnote = {Provided by the SAO/NASA Astrophysics Data System}
}


@ARTICLE{Contini1983,
   author = {{Contini}, M. and {Aldrovandi}, S.~M.~V.},
    title = "{Composite models for the narrow emission line region of active galactic nuclei. I - The infalling filament}",
  journal = {\aap},
 keywords = {Active Galactic Nuclei, Astronomical Models, Emission Spectra, Interstellar Gas, Radio Galaxies, Seyfert Galaxies, Abundance, Electron Density (Concentration), Galactic Structure, Line Spectra, Photoionization, Shock Waves, Spectral Line Width},
     year = 1983,
    month = oct,
   volume = 127,
    pages = {15-24},
   adsurl = {http://adsabs.harvard.edu/abs/1983A%26A...127...15C},
  adsnote = {Provided by the SAO/NASA Astrophysics Data System}
}
@ARTICLE{Contini1989,
   author = {{Contini}, M. and {Viegas-Aldrovandi}, S.~M.},
    title = "{Narrow emission-line profiles of active galactic nuclei}",
  journal = {\apj},
 keywords = {Active Galactic Nuclei, Emission Spectra, Line Spectra, Spectrum Analysis, Astronomical Models, Forbidden Transitions, H Beta Line, Seyfert Galaxies},
     year = 1989,
    month = aug,
   volume = 343,
    pages = {78-93},
      doi = {10.1086/167686},
   adsurl = {http://adsabs.harvard.edu/abs/1989ApJ...343...78C},
  adsnote = {Provided by the SAO/NASA Astrophysics Data System}
}

@INPROCEEDINGS{Wilson1991,
   author = {{Wilson}, A.~S.},
    title = "{The radio emission of Seyfert galaxies}",
 keywords = {Radio Emission, Radio Sources (Astronomy), Seyfert Galaxies, Active Galactic Nuclei, Galactic Structure, Luminosity, Radio Spectra, Star Formation, Very Large Array (Vla)},
booktitle = {The Interpretation of Modern Synthesis Observations of Spiral Galaxies},
     year = 1991,
   series = {Astronomical Society of the Pacific Conference Series},
   volume = 18,
   editor = {{Duric}, N. and {Crane}, P.~C.},
    pages = {227-250},
   adsurl = {http://adsabs.harvard.edu/abs/1991ASPC...18..227W},
  adsnote = {Provided by the SAO/NASA Astrophysics Data System}
}


@ARTICLE{Contini1987,
   author = {{Contini}, M. and {Viegas-Aldrovandi}, S.~M.},
    title = "{Composite models for the narrow emission line region of active galactic nuclei. V - The line profiles}",
  journal = {\aap},
 keywords = {Active Galactic Nuclei, Emission Spectra, Line Spectra, Seyfert Galaxies, Gas Density, Molecular Clouds},
     year = 1987,
    month = oct,
   volume = 185,
    pages = {39-50},
   adsurl = {http://adsabs.harvard.edu/abs/1987A%26A...185...39C},
  adsnote = {Provided by the SAO/NASA Astrophysics Data System}
}

@ARTICLE{Chiaberge2015,
   author = {{Chiaberge}, M. and {Gilli}, R. and {Lotz}, J.~M. and {Norman}, C.
	},
    title = "{Radio Loud AGNs are Mergers}",
  journal = {\apj},
archivePrefix = "arXiv",
   eprint = {1505.07419},
 keywords = {galaxies: active, galaxies: interactions, galaxies: jets, galaxies: nuclei, X-rays: galaxies},
     year = 2015,
    month = jun,
   volume = 806,
      eid = {147},
    pages = {147},
      doi = {10.1088/0004-637X/806/2/147},
   adsurl = {http://adsabs.harvard.edu/abs/2015ApJ...806..147C},
  adsnote = {Provided by the SAO/NASA Astrophysics Data System}
}

@BOOK{Allen1976,
   author = {{Allen}, C.~W.},
    title = "{Astrophysical Quantities}",
booktitle = {Astrophysical Quantities, London: Athlone (3rd edition), 1976},
     year = 1976,
   adsurl = {http://adsabs.harvard.edu/abs/1976asqu.book.....A},
  adsnote = {Provided by the SAO/NASA Astrophysics Data System}
}

@ARTICLE{Guainazzi2005,
   author = {{Guainazzi}, M. and {Matt}, G. and {Perola}, G.~C.},
    title = "{X-ray obscuration and obscured AGN in the local universe}",
  journal = {\aap},
   eprint = {astro-ph/0508265},
 keywords = {galaxies: active, galaxies: nucleus, galaxies: Seyfert, X-ray: galaxies},
     year = 2005,
    month = dec,
   volume = 444,
    pages = {119-132},
      doi = {10.1051/0004-6361:20053643},
   adsurl = {http://adsabs.harvard.edu/abs/2005A%26A...444..119G},
  adsnote = {Provided by the SAO/NASA Astrophysics Data System}
}

@ARTICLE{Levenson2006,
   author = {{Levenson}, N.~A. and {Heckman}, T.~M. and {Krolik}, J.~H. and 
	{Weaver}, K.~A. and {{\.Z}ycki}, P.~T.},
    title = "{Penetrating the Deep Cover of Compton-thick Active Galactic Nuclei}",
  journal = {\apj},
   eprint = {astro-ph/0605438},
 keywords = {Galaxies: Active, Galaxies: Seyfert, X-Rays: Galaxies},
     year = 2006,
    month = sep,
   volume = 648,
    pages = {111-127},
      doi = {10.1086/505735},
   adsurl = {http://adsabs.harvard.edu/abs/2006ApJ...648..111L},
  adsnote = {Provided by the SAO/NASA Astrophysics Data System}
}

@ARTICLE{Ueda2001,
   author = {{Ueda}, Y. and {Ishisaki}, Y. and {Takahashi}, T. and {Makishima}, K. and 
	{Ohashi}, T.},
    title = "{The ASCA Medium Sensitivity Survey (the GIS Catalog Project): Source Catalog}",
  journal = {\apjs},
   eprint = {astro-ph/9908128},
 keywords = {Catalogs, Cosmology: Diffuse Radiation, Galaxies: Active, X-Rays: Galaxies, X-Rays: General},
     year = 2001,
    month = mar,
   volume = 133,
    pages = {1-52},
      doi = {10.1086/319189},
   adsurl = {http://adsabs.harvard.edu/abs/2001ApJS..133....1U},
  adsnote = {Provided by the SAO/NASA Astrophysics Data System}
}

@BOOK{Zwicky1965,
   author = {{Zwicky}, F. and {Karpowicz}, M. and {Kowal}, C.~T.},
    title = "{''Catalogue of Galaxies and of Clusters of Galaxies'', Vol. V}",
booktitle = {''Catalogue of Galaxies and of Clusters of Galaxies'', 1965, Volume V Pasadena: California Institute of Technology, CGCG5''},
     year = 1965,
   adsurl = {http://adsabs.harvard.edu/abs/1965cgcg.book.....Z},
  adsnote = {Provided by the SAO/NASA Astrophysics Data System}
}

@ARTICLE{Peng2006,
   author = {{Peng}, Z. and {Gu}, Q. and {Melnick}, J. and {Zhao}, Y.},
    title = "{The K-band properties of Seyfert 2 galaxies}",
  journal = {\aap},
   eprint = {astro-ph/0603849},
 keywords = {galaxies: active, galaxies: Seyfert, infrared: galaxies, methods: statistical},
     year = 2006,
    month = jul,
   volume = 453,
    pages = {863-868},
      doi = {10.1051/0004-6361:20054664},
   adsurl = {http://adsabs.harvard.edu/abs/2006A%26A...453..863P},
  adsnote = {Provided by the SAO/NASA Astrophysics Data System}
}

@INPROCEEDINGS{Moshir1990,
   author = {{Moshir}, M. and {et al.}},
    title = "{IRAS Faint Source Catalogue, version 2.0.}",
booktitle = {IRAS Faint Source Catalogue, version 2.0 (1990)},
     year = 1990,
   adsurl = {http://adsabs.harvard.edu/abs/1990IRASF.C......0M},
  adsnote = {Provided by the SAO/NASA Astrophysics Data System}
}

@ARTICLE{Becker1991,
   author = {{Becker}, R.~H. and {White}, R.~L. and {Edwards}, A.~L.},
    title = "{A new catalog of 53,522 4.85 GHz sources}",
  journal = {\apjs},
 keywords = {Astronomical Catalogs, Astronomical Spectroscopy, Extragalactic Radio Sources, Sky Surveys (Astronomy), Astronomical Photography, Data Processing, Image Processing, Northern Hemisphere, Reference Stars, Spectrum Analysis, Tables (Data)},
     year = 1991,
    month = jan,
   volume = 75,
    pages = {1-229},
      doi = {10.1086/191529},
   adsurl = {http://adsabs.harvard.edu/abs/1991ApJS...75....1B},
  adsnote = {Provided by the SAO/NASA Astrophysics Data System}
}


@ARTICLE{Gregory1991,
   author = {{Gregory}, P.~C. and {Condon}, J.~J.},
    title = "{The 87GB catalog of radio sources covering delta between O and + 75 deg at 4.85 GHz}",
  journal = {\apjs},
 keywords = {Astronomical Catalogs, Radio Sources (Astronomy), Evolution (Development), Radiant Flux Density, Radio Telescopes},
     year = 1991,
    month = apr,
   volume = 75,
    pages = {1011-1291},
      doi = {10.1086/191559},
   adsurl = {http://adsabs.harvard.edu/abs/1991ApJS...75.1011G},
  adsnote = {Provided by the SAO/NASA Astrophysics Data System}
}

@ARTICLE{White1992,
   author = {{White}, R.~L. and {Becker}, R.~H.},
    title = "{A new catalog of 30,239 1.4 GHz sources}",
  journal = {\apjs},
 keywords = {Astronomical Catalogs, Radio Sources (Astronomy), Sky Surveys (Astronomy), Astronomical Spectroscopy, Northern Sky},
     year = 1992,
    month = apr,
   volume = 79,
    pages = {331-467},
      doi = {10.1086/191656},
   adsurl = {http://adsabs.harvard.edu/abs/1992ApJS...79..331W},
  adsnote = {Provided by the SAO/NASA Astrophysics Data System}
}

@ARTICLE{Douglas1996,
   author = {{Douglas}, J.~N. and {Bash}, F.~N. and {Bozyan}, F.~A. and {Torrence}, G.~W. and 
	{Wolfe}, C.},
    title = "{The Texas Survey of Radio Sources Covering -35.5 degrees $\lt$ declination $\lt$ 71.5 degrees at 365 MHz}",
  journal = {\aj},
 keywords = {SURVEYS, RADIO LINES: GENERAL},
     year = 1996,
    month = may,
   volume = 111,
    pages = {1945},
      doi = {10.1086/117932},
   adsurl = {http://adsabs.harvard.edu/abs/1996AJ....111.1945D},
  adsnote = {Provided by the SAO/NASA Astrophysics Data System}
}


@ARTICLE{Cohen2007,
   author = {{Cohen}, A.~S. and {Lane}, W.~M. and {Cotton}, W.~D. and {Kassim}, N.~E. and 
	{Lazio}, T.~J.~W. and {Perley}, R.~A. and {Condon}, J.~J. and 
	{Erickson}, W.~C.},
    title = "{The VLA Low-Frequency Sky Survey}",
  journal = {\aj},
archivePrefix = "arXiv",
   eprint = {0706.1191},
 keywords = {atmospheric effects, catalogs, radio continuum: general, surveys},
     year = 2007,
    month = sep,
   volume = 134,
    pages = {1245-1262},
      doi = {10.1086/520719},
   adsurl = {http://adsabs.harvard.edu/abs/2007AJ....134.1245C},
  adsnote = {Provided by the SAO/NASA Astrophysics Data System}
}

@ARTICLE{Contini2002,
   author = {{Contini}, M. and {Viegas}, S.~M. and {Prieto}, M.~A.},
    title = "{The signature of high-velocity gas in the spectra of NGC 4151}",
  journal = {\aap},
   eprint = {astro-ph/0202146},
 keywords = {galaxies: nuclei, galaxies: Seyfert, shock waves, galaxies: individual: NGC 4151, X-ray: galaxies},
     year = 2002,
    month = may,
   volume = 386,
    pages = {399-414},
      doi = {10.1051/0004-6361:20020245},
   adsurl = {http://adsabs.harvard.edu/abs/2002A%26A...386..399C},
  adsnote = {Provided by the SAO/NASA Astrophysics Data System}
}